@misc{geeksforgeeks_2018, title={Minimax Algorithm in Game Theory | Set 3 (Tic-Tac-Toe AI - Finding optimal move)}, url={https://www.geeksforgeeks.org/minimax-algorithm-in-game-theory-set-3-tic-tac-toe-ai-finding-optimal-move/}, journal={GeeksforGeeks}, year={2018}, month={Feb}}

@book{russell_norvig_2010, place={Upper Saddle River}, title={Artificial intelligence: a modern approach}, publisher={Prentice-Hall}, author={Russell, Stuart J. and Norvig, Peter}, year={2010}}

@misc{eran amar_binyamin, title={Game}, url={http://www.cs.huji.ac.il/~ai/projects/2013/U2T3P/files/AI_Report.pdf}, author={Eran Amar and Binyamin, Adi Ben}}

@misc{torac_2016, title={Tic Tac Toe With AI - The ultimate beginner guide! (Part 4)}, url={https://medium.com/@victorcatalintorac/tic-tac-toe-with-ai-the-ultimate-beginner-guide-part-4-142b6ea534df}, journal={Medium}, publisher={Medium}, author={Torac, Victor Catalin}, year={2016}, month={May}}