@misc{hochmuth_2003, title={On the Genetic Evolution of a Perfect Tic-Tac-Toe Strategy}, url={http://www.genetic-programming.org/sp2003/Hochmuth.pdf}, journal={Genetic Programming}, author={Hochmuth, Gregor}, year={2003}}

@misc{juul, title={Half-Real: Tic Tac Toe}, url={http://www.half-real.net/tictactoe/}, journal={Jesper Juul: half-real}, author={Juul, Jesper}}

@misc{ferraco_wang_todd, title={5 x 5 x 5 Tic-Tac-Toe AI Implemented by Genetic Algorithm}, url={https://pdfs.semanticscholar.org/fc35/304fbd3ce63502a33259724e22cbb79306f6.pdf}, journal={Semantic Scholar}, author={Ferraco, Alex and Wang, Yuchen and Todd, Christopher}}


@inproceedings{Bhatt:2008:SNS:1389095.1389269,
 author = {Bhatt, Anurag and Varshney, Pratul and Deb, Kalyanmoy},
 title = {In Search of No-loss Strategies for the Game of Tic-tac-toe Using a Customized Genetic Algorithm},
 booktitle = {Proceedings of the 10th Annual Conference on Genetic and Evolutionary Computation},
 series = {GECCO '08},
 year = {2008},
 isbn = {978-1-60558-130-9},
 location = {Atlanta, GA, USA},
 pages = {889--896},
 numpages = {8},
 url = {http://doi.acm.org/10.1145/1389095.1389269},
 doi = {10.1145/1389095.1389269},
 acmid = {1389269},
 publisher = {ACM},
 address = {New York, NY, USA},
 keywords = {evolutionary games, learning strategies, tic-tac-toe},
} 

@inproceedings{duPlessis:2009:HNN:1632149.1632158,
 author = {du Plessis, Mathys C.},
 title = {A Hybrid Neural Network and Minimax Algorithm for Zero-sum Games},
 booktitle = {Proceedings of the 2009 Annual Research Conference of the South African Institute of Computer Scientists and Information Technologists},
 series = {SAICSIT '09},
 year = {2009},
 isbn = {978-1-60558-643-4},
 location = {Vanderbijlpark, Emfuleni, South Africa},
 pages = {54--59},
 numpages = {6},
 url = {http://doi.acm.org/10.1145/1632149.1632158},
 doi = {10.1145/1632149.1632158},
 acmid = {1632158},
 publisher = {ACM},
 address = {New York, NY, USA},
 keywords = {co-evolution, game theory, minimax, neural networks},
} 

@article{Gordon:2006:GAT:1089182.1089188,
 author = {Gordon, Aaron},
 title = {A General Algorithm for Tic-tac-toe Board Evaluation},
 journal = {J. Comput. Sci. Coll.},
 issue_date = {February 2006},
 volume = {21},
 number = {3},
 month = feb,
 year = {2006},
 issn = {1937-4771},
 pages = {42--46},
 numpages = {5},
 url = {http://dl.acm.org/citation.cfm?id=1089182.1089188},
 acmid = {1089188},
 publisher = {Consortium for Computing Sciences in Colleges},
 address = {USA},
} 
@misc{kumari_singh_dalmia_v_2017, title={Parallelization of Alpha-Beta Pruning Algorithm For Enhancing the Two Player Games }, url={http://ijmas.iraj.in/paper_detail.php?paper_id=6951&name=Parallelization_of_Alpha-Beta_Pruning_Algorithm_For_Enhancing_the_Two_Player_Games}, journal={IJMAS Parallelization of Alpha-Beta Pruning Algorithm For Enhancing the Two Player Games}, publisher={Internation Joural of Advances in Electronics and Computer Science}, author={Kumari, Akanksha and Singh, Shreya and Dalmia, Shailja and V, Geetha}, year={2017}, month={Feb}}

@inproceedings{Borovska:2007:EPM:1330598.1330615,
 author = {Borovska, Plamenka and Lazarova, Milena},
 title = {Efficiency of Parallel Minimax Algorithm for Game Tree Search},
 booktitle = {Proceedings of the 2007 International Conference on Computer Systems and Technologies},
 series = {CompSysTech '07},
 year = {2007},
 isbn = {978-954-9641-50-9},
 location = {Bulgaria},
 pages = {14:1--14:6},
 articleno = {14},
 numpages = {6},
 url = {http://doi.acm.org/10.1145/1330598.1330615},
 doi = {10.1145/1330598.1330615},
 acmid = {1330615},
 publisher = {ACM},
 address = {New York, NY, USA},
 keywords = {combinatorial optimization, game tree search, message passing, multhithreading, multilevel parallel programming, parallel minimax algorithm},
} 
@misc{mehta-mm, title={mehta-mm/Ultimate-Tic-Tac-Toe}, url={https://github.com/mehta-mm/Ultimate-Tic-Tac-Toe}, journal={GitHub}, publisher={Mehta}, author={mehta-mm}}
@book{russell_2018, place={S.l.}, title={ARTIFICIAL INTELLIGENCE: a modern approach}, publisher={PEARSON}, author={RUSSELL, STUART NORVIG PETER.}, year={2018}}