@misc{liu_2013, title={:. Here-and-Now by Ken Liu}, url={http://www.kasmamagazine.com/here-and-now.cfm}, journal={Kasma Magazine - Here-and-Now}, author={Liu, Ken}, year={2013}, month={Mar}}